<?xml version="1.0" encoding="UTF-8"?><record xmlns="http://www.loc.gov/MARC21/slim" xmlns:cinclude="http://apache.org/cocoon/include/1.0" xmlns:zs="http://www.loc.gov/zing/srw/">
  <leader>00653cz  a2200169n  4500</leader>
  <controlfield tag="001">no2011019866</controlfield>
  <controlfield tag="003">DLC</controlfield>
  <controlfield tag="005">20140307173338.0</controlfield>
  <controlfield tag="008">110207n| azannaabn          |a aaa     c</controlfield>
  <datafield tag="010" ind1=" " ind2=" ">
    <subfield code="a">no2011019866</subfield>
  </datafield>
  <datafield tag="035" ind1=" " ind2=" ">
    <subfield code="a">(OCoLC)oca08760740</subfield>
  </datafield>
  <datafield tag="040" ind1=" " ind2=" ">
    <subfield code="a">OCU-Mu</subfield>
    <subfield code="b">eng</subfield>
    <subfield code="e">rda</subfield>
    <subfield code="c">OCU-Mu</subfield>
    <subfield code="d">DLC</subfield>
  </datafield>
  <datafield tag="100" ind1="1" ind2=" ">
    <subfield code="a">Purcell, Henry,</subfield>
    <subfield code="d">1659-1695.</subfield>
    <subfield code="t">Oedipus</subfield>
  </datafield>
  <datafield tag="400" ind1="1" ind2=" ">
    <subfield code="a">Purcell, Henry,</subfield>
    <subfield code="d">1659-1695.</subfield>
    <subfield code="t">Oedipus, King of Thebes</subfield>
  </datafield>
  <datafield tag="670" ind1=" " ind2=" ">
    <subfield code="a">Purcell, H. Dramatic music. III, 2010:</subfield>
    <subfield code="b">contents (Oedipus)</subfield>
  </datafield>
  <datafield tag="670" ind1=" " ind2=" ">
    <subfield code="a">Grove Music Online, Feb. 7, 2011</subfield>
    <subfield code="b">(Z. 583. Oedipus, King of Thebes, Dryden and Lee, 1692)</subfield>
  </datafield>
  <datafield tag="670" ind1=" " ind2=" ">
    <subfield code="a">Zimmermann</subfield>
    <subfield code="b">(583. Oedipus. Tragedy by John Dryden and Nathaniel Lee, 1692)</subfield>
  </datafield>
</record>